@misc{Origin,
   author = {DukeZhou},
   title =  {Origin of [M]},
   year = {2019},
   howpublished = {Available in \url{http://mbranegame.com/origin-of-mbrane}},
   note = {Consulted in november 2019}
}

@misc{Rules,
   author = {DukeZhou},
   title =  {Rules of [M]},
   year = {2019},
   howpublished = {Available in \url{http://mbranegame.com/rules-of-m}},
   note = {Consulted in november 2019}
}

% ver formatacoes em http://en.wikibooks.org/wiki/LaTeX/Bibliography_Management ou http://en.wikipedia.org/wiki/BibTeX ou noutro site